@article{allaire2012rstudio,
  title={RStudio: integrated development environment for R},
  author={Allaire, J},
  journal={Boston, MA},
  volume={770},
  pages={394},
  year={2012},
  publisher={Citeseer}
}

@book{xie2016bookdown,
  title={Bookdown: authoring books and technical documents with R markdown},
  author={Xie, Yihui},
  year={2016},
  publisher={CRC Press}
}
